
@book{west,
	title={Introduction to graph theory},
	author={West, Douglas Brent and others},
	volume={2},
	year={2001},
	publisher={Prentice hall Upper Saddle River}
}

@article{guichard,
	title={An introduction to combinatorics and graph theory},
	author={Guichard, David},
	journal={Whitman College-Creative Commons},
	year={2017}
}

@article{lorch2008,
	title={Enumerating small sudoku puzzles in a first abstract algebra course},
	author={Lorch, Crystal and Lorch, John},
	journal={PRIMUS},
	volume={18},
	number={2},
	pages={149--157},
	year={2008},
	publisher={Taylor \& Francis}
}

@book{ross,
	title={Topics in finite and discrete mathematics},
	author={Ross, Sheldon M},
	year={2000},
	publisher={Cambridge University Press}
}

@article{takano,
	title={O jogo de l{\'o}gica Sudoku: modelagem te{\'o}rica, NP-completude, algoritmos e heur{\i}sticas},
	author={Takano, Kevin and de Freitas, Rosiane and de S{\'a}, Vin{\i}cius G Pereira}
}

@article{motizuki2019sudoku,
	title={Sudoku e teoria de grupos},
	author={Motizuki, N{\'e}lidy},
	year={2019},
	publisher={Programa de P{\'o}s-Gradua{\c{c}}{\~a}o em Matem{\'a}tica em Rede Nacional (PROFMAT)}
}

%%%%%%%%%% referências não citadas %%%%%%%%%%%%%% %%%%%%%%%%%%%%%%%%%%%%%%%%%%%%%%%%%%%%%%%%%%%%%%%

@article{dos2018matematica,
	title={A matem{\'a}tica por tr{\'a}s do sudoku},
	author={dos Santos, Ricardo Pessoa and da Silva Vasconcellos, Luis Antonio},
	journal={CQD-Revista Eletr{\^o}nica Paulista de Matem{\'a}tica},
	year={2018}
}

@book{jussien2007z,
	title={A to Z of Sudoku},
	author={Jussien, Narendra},
	year={2007},
	publisher={ISTE}
}

@article{borges2016coloraccao,
	title={Colora{\c{c}}{\~a}o de grafos aplicado na resolu{\c{c}}{\~a}o do sudoku},
	author={Borges, Samuel and Lima, Thales and Marques, V{\'\i}tor},
	year={2016}
}

@article{martins2012existe,
	title={Existe um Sudoku com 16 pistas?},
	author={Martins, Paula Mendes and Picado, Jorge},
	journal={Boletim da Sociedade Portuguesa de Matem{\'a}tica},
	year={2012}
}

@article{diestel2010graph,
	title={Graph theory},
	author={Diestel, Reinhard and Schrijver, Alexander and Seymour, Paul},
	journal={Oberwolfach Reports},
	volume={7},
	number={1},
	pages={521--580},
	year={2010}
}

@article{schmidt2016latin,
	title={Latin squares and their applications to cryptography},
	author={Schmidt, Nathan O},
	year={2016}
}

@book{keedwell2015latin,
	title={Latin squares and their applications},
	author={Keedwell, A Donald and D{\'e}nes, J{\'o}zsef},
	year={2015},
	publisher={Elsevier}
}

@article{lorch2009mutually,
	title={Mutually orthogonal families of linear Sudoku solutions},
	author={Lorch, John},
	journal={Journal of the Australian Mathematical Society},
	volume={87},
	number={3},
	pages={409--420},
	year={2009},
	publisher={Cambridge University Press}
}

@misc{davis2006mathematics,
	title={The mathematics of Sudoku},
	author={Davis, Tom},
	year={2006}
}

@article{feofiloff2011introduccao,
	title={Uma introdu{\c{c}}{\~a}o sucinta {\`a} teoria dos grafos},
	author={Feofiloff, Paulo and Kohayakawa, Yoshiharu and Wakabayashi, Yoshiko},
	year={2011}
}

@article{jurkiewicz2009grafos,
	title={Grafos--uma introdu{\c{c}}{\~a}o},
	author={Jurkiewicz, Samuel},
	journal={S{\~a}o Paulo: OBMEP},
	year={2009}
}

@article{teles2016sudoku,
	title={Sudoku: estrat{\'e}gias e Estrutura},
	author={Teles, B{\'a}rbara Ferreira da Cunha and others},
	year={2016},
	publisher={Universidade do Estado do Rio de Janeiro}
}

@article{taalman2007taking,
	title={Taking sudoku seriously},
	author={Taalman, Laura},
	journal={Math Horizons},
	volume={15},
	number={1},
	pages={5--9},
	year={2007},
	publisher={Taylor \& Francis}
}

@article{soares2014introduccao,
	title={Introdu{\c{c}}{\~a}o {\`a} Teoria dos Grafos},
	author={Soares de Melo, Gildson and others},
	year={2014},
	publisher={Universidade Federal da Para{\'\i}ba}
}

@inproceedings{laurindo2021saturbfs,
	title={SaturBFS: Um Algoritmo de Colora{\c{c}}{\~a}o de Grafos para Resolu{\c{c}}{\~a}o do Sudoku},
	author={Laurindo, Lu{\'\i}s Eduardo Costa and da Silva, Francisco Jos{\'e} and others},
	booktitle={Anais da IX Escola Regional de Computa{\c{c}}{\~a}o do Cear{\'a}, Maranh{\~a}o e Piau{\'\i}},
	pages={74--81},
	year={2021},
	organization={SBC}
}

@inproceedings{gouveia2013tecnicas,
	title={T{\'e}cnicas de colora{\c{c}}{\~a}o de grafos aplicadas {\`a} resolu{\c{c}}{\~a}o de quebra-cabe{\c{c}}as do tipo sudoku},
	author={Gouveia, Thiago and Maciel Jr, Paulo Ditarso},
	booktitle={Congresso Norte Nordeste de Pesquisa e Inova{\c{c}}{\~a}o},
	pages={1},
	year={2013}
}
